% BibTeX bibliography file

@Misc{arai02,
  author = {Mahmood Arai},
  title = {A Brief Guide to {R} for Beginners in Econometrics},
  year = {2002},
  howpublished = {\url{http://people.su.se/~ma/R_intro/R_intro.pdf}}
}

@Article{cribari99,
  author = {Francisco Cribari-Neto and Spyros G. Zarkos},
  title = {R: Yet another econometric programming environment},
  journal = {Journal of Applied Econometrics},
  year = {1999},
  volume = {14},
  pages = {319-329},
  URL = {/home/suapm095/Documents/Literatur/inBibtex/cribari99.pdf}
}

@Article{deaton80a,
  author = {Angus Deaton and John Muellbauer},
  title = {An {Almost} {Ideal} {Demand} {System}},
  journal = {The American Economic Review},
  year = {1980},
  volume = {70},
  pages = {312-326}
}

@Misc{r-project,
  author = {{R Development Core Team}},
  title = {R: A language and environment for statistical computing},
  year = {2004},
  howpublished = {R Foundation for Statistical Computing, Vienna, Austria,
  \url{http://www.r-project.org}},
  URL = {http://www.R-project.org},
  abstract = {ISBN 3-900051-00-3}
}

@Article{racine02,
  author = {Jeff Racine and Rob Hyndman},
  title = {Using {R} to teach econometrics},
  journal = {Journal of Applied Econometrics},
  year = {2002},
  volume = {17},
  pages = {175-189},
  URL = {/home/suapm095/Documents/Literatur/inBibtex/racine02.pdf}
}

@Misc{systemfit,
  author = {Jeff D. Hamann and Arne Henningsen},
  title = {systemfit - Simultaneous Equation Estimation Package for {R}},
  year = {2004},
  howpublished = {R package, \url{http://cran.r-project.org}}
}

