% BibTeX bibliography file

@Article{heckman76,
  author = {Heckman, J.},
  title = {The Common Structure of Statistical Models of Truncation, Sample
  Selection, and Limited Dependent Variables and a Simple Estimator for Such
  Models},
  journal = {Annals of Economic and Social Measurement},
  year = {1976},
  volume = {5},
  pages = {475-492}
}

