% BibTeX bibliography file

@Misc{arai02,
  author = {Mahmood Arai},
  title = {A Brief Guide to {R} for Beginners in Econometrics},
  year = {2002},
  howpublished = {\url{http://people.su.se/~ma/R_intro/R_intro.pdf}}
}

@Misc{coelli96,
  author = {Tim J. Coelli},
  title = {A Guide to {FRONTIER} Version 4.1: A Computer Program for Stochastic
  Frontier Production and Cost Function Estimation},
  year = {1996},
  howpublished = {CEPA Working Paper 96/7, Department of Econometrics,
  University of New England, Armidale NSW Australia}
}

@Article{cribari99,
  author = {Francisco Cribari-Neto and Spyros G. Zarkos},
  title = {R: Yet another econometric programming environment},
  journal = {Journal of Applied Econometrics},
  year = {1999},
  volume = {14},
  pages = {319-329}
}

@Article{deaton80a,
  author = {Angus Deaton and John Muellbauer},
  title = {An {Almost} {Ideal} {Demand} {System}},
  journal = {The American Economic Review},
  year = {1980},
  volume = {70},
  pages = {312-326}
}

@Article{diewert87,
  author = {Walter E. Diewert and Terence J. Wales},
  title = {Flexible functional forms and global curvature conditions},
  journal = {Econometrica},
  year = {1987},
  volume = {55},
  number = {1},
  pages = {43-68}
}

@Article{diewert92,
  author = {Walter E. Diewert and Terence J. Wales},
  title = {Quadratic Spline Models for Producer's Supply and Demand Functions},
  journal = {International Economic Review},
  year = {1992},
  volume = {33},
  pages = {705-722},
  abstract = {"See [diewert87, p. 53] for the definition of the normalized
  quadratic functional form (which they called the Symmetric Generalized
  McFadden functional form)." (footnote 2)}
}

@Article{koebel03,
  author = {Bertrand Koebel and Martin Falk and Francois Laisney},
  title = {Imposing and Testing Curvature Conditions on a {Box-Cox} Cost
  Function},
  journal = {Journal of Business and Economic Statistics},
  year = {2003},
  volume = {21},
  number = {2},
  pages = {319-335}
}

@Article{kohli93,
  author = {Ulrich R. Kohli},
  title = {A symmetric normalized quadratic {GNP} function and the {US} demand
  for imports and supply of exports},
  journal = {International Economic Review},
  year = {1993},
  volume = {34},
  number = {1},
  pages = {243-255}
}

@Misc{r-micecon,
  author = {Arne Henningsen},
  title = {{micEcon} (Tools for microeconomic analysis and microeconomic
  modelling)},
  year = {2005},
  howpublished = {R package, \url{http://cran.r-project.org}}
}

@Misc{r-project,
  author = {{R Development Core Team}},
  title = {R: A language and environment for statistical computing},
  year = {2004},
  howpublished = {R Foundation for Statistical Computing, Vienna, Austria,
  \url{http://www.r-project.org}},
  URL = {http://www.R-project.org},
  abstract = {ISBN 3-900051-00-3}
}

@Article{racine02,
  author = {Jeff Racine and Rob Hyndman},
  title = {Using {R} to teach econometrics},
  journal = {Journal of Applied Econometrics},
  year = {2002},
  volume = {17},
  pages = {175-189}
}

